<record><leader>00000cas a2200000 i 4500</leader><controlfield tag="001">544287121</controlfield><controlfield tag="008">950622d19151921ilu|| n r     0    0syr c</controlfield><datafield ind1=" " ind2=" " tag="010"><subfield code="a">  2015252387</subfield></datafield><datafield ind1=" " ind2=" " tag="040"><subfield code="a">HLS</subfield><subfield code="b">eng</subfield><subfield code="e">rda</subfield><subfield code="c">HLS</subfield><subfield code="d">OCLCF</subfield><subfield code="d">OCLCO</subfield><subfield code="d">WAU</subfield><subfield code="d">OCLCO</subfield></datafield><datafield ind1=" " ind2=" " tag="042"><subfield code="a">pcc</subfield></datafield><datafield ind1=" " ind2=" " tag="043"><subfield code="a">n-us-il</subfield></datafield><datafield ind1="1" ind2="4" tag="050"><subfield code="a">DS79.A75</subfield><subfield code="b">M47</subfield></datafield><datafield ind1="0" ind2="0" tag="245"><subfield code="a">Mes&#780;h&#803;adana&#772; Su&#772;ryo&#772;.</subfield></datafield><datafield ind1="1" ind2=" " tag="246"><subfield code="i">Reprint cover title:</subfield><subfield code="a">Assyrian American herald</subfield></datafield><datafield ind1=" " ind2="1" tag="264"><subfield code="a">[Chicago, Illinois[ :</subfield><subfield code="b">[Atour Publications],</subfield><subfield code="c">[2009?]</subfield></datafield><datafield ind1=" " ind2=" " tag="300"><subfield code="a">8 volumes :</subfield><subfield code="b">illustrations ;</subfield><subfield code="c">28 cm</subfield></datafield><datafield ind1=" " ind2=" " tag="310"><subfield code="a">Weekly</subfield></datafield><datafield ind1=" " ind2=" " tag="336"><subfield code="a">text</subfield><subfield code="b">txt</subfield><subfield code="2">rdacontent</subfield></datafield><datafield ind1=" " ind2=" " tag="337"><subfield code="a">unmediated</subfield><subfield code="b">n</subfield><subfield code="2">rdamedia</subfield></datafield><datafield ind1=" " ind2=" " tag="338"><subfield code="a">volume</subfield><subfield code="b">nc</subfield><subfield code="2">rdacarrier</subfield></datafield><datafield ind1="1" ind2=" " tag="362"><subfield code="a">Began with: &#700;As&#803;ah&#803;ta 1., menyana 1. (Tamu&#772;z 22, 1915 [July 22, 1915]); ceased with: &#700;As&#803;ah&#803;ta 6., menyana 12. (I&#769;ya&#772;r 20, 1921 [April 20, 1921]).</subfield></datafield><datafield ind1=" " ind2=" " tag="580"><subfield code="a">Reprint. Originally published: Chicago, Illinois : Paul S. Newey, 1915-1921.</subfield></datafield><datafield ind1=" " ind2=" " tag="546"><subfield code="a">In Syriac.</subfield></datafield><datafield ind1=" " ind2=" " tag="588"><subfield code="a">Description based on: &#700;As&#803;ah&#803;ta 1., menyana 1. (Tamu&#772;z 22, 1915 [July 22, 1915]); title from masthead.</subfield></datafield><datafield ind1=" " ind2=" " tag="588"><subfield code="a">Latest issue consulted: &#700;As&#803;ah&#803;ta 6., menyana 12. (I&#769;ya&#772;r 20, 1921 [April 20, 1921]).</subfield></datafield><datafield ind1=" " ind2="0" tag="650"><subfield code="a">Assyrians</subfield><subfield code="z">Illinois</subfield><subfield code="z">Chicago</subfield><subfield code="v">Newspapers.</subfield></datafield><datafield ind1=" " ind2="0" tag="651"><subfield code="a">Chicago (Ill.)</subfield><subfield code="v">Newspapers.</subfield></datafield><datafield ind1=" " ind2="7" tag="655"><subfield code="a">Newspapers.</subfield><subfield code="2">fast</subfield><subfield code="0">(OCoLC)fst01423814</subfield></datafield><datafield ind1=" " ind2="7" tag="650"><subfield code="a">Assyrians.</subfield><subfield code="2">fast</subfield><subfield code="0">(OCoLC)fst00819237</subfield></datafield><datafield ind1=" " ind2="7" tag="651"><subfield code="a">Illinois</subfield><subfield code="z">Chicago.</subfield><subfield code="2">fast</subfield><subfield code="0">(OCoLC)fst01204048</subfield></datafield><datafield ind1="1" ind2=" " tag="700"><subfield code="a">Newey, Paul S.,</subfield><subfield code="e">editor.</subfield></datafield><datafield ind1=" " ind2=" " tag="752"><subfield code="a">United States</subfield><subfield code="b">Illinois</subfield><subfield code="d">Chicago.</subfield></datafield></record>